<?xml version="1.0" encoding="UTF-8"?>
<record>
  <leader>01796nas#a2200493#c#4500</leader>
  <controlfield tag="005">20230223155000.0</controlfield>
  <controlfield tag="007">cr#|||||||||||</controlfield>
  <controlfield tag="008">130606m19121912ua##|#n#o#####|####|egy#c</controlfield>
  <controlfield tag="003">DE-605</controlfield>
  <controlfield tag="001">990197023370206441</controlfield>
  <datafield tag="016" ind1="7" ind2=" ">
    <subfield code="a">2719150-3</subfield>
    <subfield code="2">DE-600</subfield>
  </datafield>
  <datafield tag="016" ind1="7" ind2=" ">
    <subfield code="a">103553455X</subfield>
    <subfield code="2">DE-101b</subfield>
  </datafield>
  <datafield tag="016" ind1="7" ind2=" ">
    <subfield code="a">854723647</subfield>
    <subfield code="2">OCoLC</subfield>
  </datafield>
  <datafield tag="035" ind1=" " ind2=" ">
    <subfield code="a">(DE-605)HT017664407</subfield>
  </datafield>
  <datafield tag="040" ind1=" " ind2=" ">
    <subfield code="a">0001</subfield>
    <subfield code="b">ger</subfield>
    <subfield code="c">DNB</subfield>
    <subfield code="d">0001</subfield>
    <subfield code="d">DE-605</subfield>
  </datafield>
  <datafield tag="041" ind1=" " ind2=" ">
    <subfield code="a">egy</subfield>
  </datafield>
  <datafield tag="044" ind1=" " ind2=" ">
    <subfield code="c">XC-EG</subfield>
  </datafield>
  <datafield tag="084" ind1=" " ind2=" ">
    <subfield code="a">26</subfield>
    <subfield code="2">ssgn</subfield>
  </datafield>
  <datafield tag="090" ind1=" " ind2=" ">
    <subfield code="n">ld</subfield>
    <subfield code="n">up</subfield>
    <subfield code="n">ao</subfield>
  </datafield>
  <datafield tag="245" ind1="0" ind2="0">
    <subfield code="a">Aegyptische Nachrichten</subfield>
  </datafield>
  <datafield tag="264" ind1="3" ind2="1">
    <subfield code="a">Kairo</subfield>
    <subfield code="b">[Verlag nicht ermittelbar]</subfield>
    <subfield code="c">1912-1912</subfield>
    <subfield code="3">1912-1912</subfield>
  </datafield>
  <datafield tag="300" ind1=" " ind2=" ">
    <subfield code="a">Online-Ressource</subfield>
  </datafield>
  <datafield tag="336" ind1=" " ind2=" ">
    <subfield code="b">txt</subfield>
  </datafield>
  <datafield tag="337" ind1=" " ind2=" ">
    <subfield code="b">c</subfield>
  </datafield>
  <datafield tag="338" ind1=" " ind2=" ">
    <subfield code="b">cr</subfield>
  </datafield>
  <datafield tag="362" ind1="0" ind2=" ">
    <subfield code="a">1912,Jan.-Dez.; mehr nicht digitalisiert</subfield>
  </datafield>
  <datafield tag="363" ind1="0" ind2="0">
    <subfield code="8">1.1\x</subfield>
    <subfield code="i">1912</subfield>
  </datafield>
  <datafield tag="035" ind1=" " ind2=" ">
    <subfield code="a">(DE-600)2719150-3</subfield>
  </datafield>
  <datafield tag="035" ind1=" " ind2=" ">
    <subfield code="a">(OCoLC)854723647</subfield>
  </datafield>
  <datafield tag="035" ind1=" " ind2=" ">
    <subfield code="a">(DE-599)ZDB2719150-3</subfield>
  </datafield>
  <datafield tag="960" ind1="1" ind2=" ">
    <subfield code="z">lzZDB</subfield>
  </datafield>
  <datafield tag="964" ind1="0" ind2="i">
    <subfield code="I">marc-FMT via MAB2MARC</subfield>
    <subfield code="F">FMT</subfield>
    <subfield code="A">SE</subfield>
  </datafield>
  <datafield tag="964" ind1="0" ind2="s">
    <subfield code="F">030</subfield>
    <subfield code="A">a||u|||||||37</subfield>
  </datafield>
  <datafield tag="964" ind1="0" ind2="s">
    <subfield code="F">050</subfield>
    <subfield code="A">||||||||g|||||</subfield>
  </datafield>
  <datafield tag="964" ind1="0" ind2="s">
    <subfield code="F">052</subfield>
    <subfield code="A">z||||||t|||||||</subfield>
  </datafield>
  <datafield tag="856" ind1="4" ind2="0">
    <subfield code="u">https://zefys.staatsbibliothek-berlin.de/list/title/zdb/27191503/</subfield>
    <subfield code="x">Digitalisierung</subfield>
    <subfield code="z">kostenfrei</subfield>
  </datafield>
  <datafield tag="856" ind1="4" ind2="0">
    <subfield code="u">http://www.bibliothek.uni-regensburg.de/ezeit/?2719150</subfield>
    <subfield code="x">EZB</subfield>
  </datafield>
  <datafield tag="751" ind1=" " ind2=" ">
    <subfield code="a">Kairo</subfield>
    <subfield code="0">(DE-588)4029236-8</subfield>
    <subfield code="2">gnd</subfield>
    <subfield code="4">dbp</subfield>
    <subfield code="0">https://portal.dnb.de/opac.htm?method=simpleSearch&amp;cqlMode=true&amp;query=idn=040292363</subfield>
    <subfield code="0">http://viaf.org/viaf/sourceID/DNB|040292363</subfield>
    <subfield code="B">GND-040292363</subfield>
  </datafield>
  <datafield tag="776" ind1="0" ind2="8">
    <subfield code="i">Elektronische Reproduktion von</subfield>
    <subfield code="t">Aegyptische Nachrichten</subfield>
    <subfield code="d">Kairo : [Verlag nicht ermittelbar], 1912-1912</subfield>
    <subfield code="w">(DE-605)HT008808585</subfield>
  </datafield>
  <datafield tag="655" ind1=" " ind2="7">
    <subfield code="a">Zeitung</subfield>
    <subfield code="0">(DE-588)4067510-5</subfield>
    <subfield code="2">gnd-content</subfield>
  </datafield>
  <datafield tag="500" ind1=" " ind2=" ">
    <subfield code="a">Gesehen am 03.06.2013</subfield>
  </datafield>
  <datafield tag="505" ind1="8" ind2=" ">
    <subfield code="a">Layoutgetreue Digitalisate mit Browsefunktion</subfield>
  </datafield>
  <datafield tag="533" ind1=" " ind2=" ">
    <subfield code="a">Digital. Ausg.: Berlin : Staatsbibliothek, 2013. (Zeitungsinformationssystem)</subfield>
    <subfield code="b">Digital. Ausg.</subfield>
    <subfield code="b">Berlin</subfield>
    <subfield code="c">Digital. Ausg.</subfield>
    <subfield code="c">Staatsbibliothek zu Berlin</subfield>
    <subfield code="b">Digital. Ausg.</subfield>
    <subfield code="c">Digital. Ausg.</subfield>
    <subfield code="d">2013-2013</subfield>
    <subfield code="f">Zeitungsinformationssystem</subfield>
  </datafield>
  <datafield tag="534" ind1=" " ind2=" ">
    <subfield code="c">1912</subfield>
  </datafield>
  <datafield tag="591" ind1=" " ind2=" ">
    <subfield code="a">Autopsie 1w</subfield>
  </datafield>
  <datafield tag="MBD" ind1=" " ind2=" ">
    <subfield code="M">49HBZ_NETWORK</subfield>
    <subfield code="i">990197023370206441</subfield>
    <subfield code="n">HBZ Network</subfield>
  </datafield>
  <datafield tag="MNG" ind1=" " ind2=" ">
    <subfield code="c">System</subfield>
    <subfield code="f">HBZ</subfield>
    <subfield code="i">marc21</subfield>
    <subfield code="h">20230223155000.0</subfield>
    <subfield code="k">01</subfield>
    <subfield code="e">false</subfield>
    <subfield code="d">2023-03-26 15:56:30 Europe/Berlin</subfield>
    <subfield code="g">019702337-HBZ01</subfield>
    <subfield code="j">90</subfield>
    <subfield code="a">import</subfield>
    <subfield code="b">2021-04-05 13:26:27 Europe/Berlin</subfield>
  </datafield>
  <datafield tag="GSI" ind1="7" ind2=" ">
    <subfield code="a">4029236-8</subfield>
    <subfield code="0">http://d-nb.info/gnd/4029236-8</subfield>
    <subfield code="2">gnd</subfield>
    <subfield code="A">GND</subfield>
    <subfield code="B">GND-040292363</subfield>
    <subfield code="C">024</subfield>
  </datafield>
  <datafield tag="GSI" ind1="7" ind2=" ">
    <subfield code="a">360630</subfield>
    <subfield code="2">geonames</subfield>
    <subfield code="A">GND</subfield>
    <subfield code="B">GND-040292363</subfield>
    <subfield code="C">024</subfield>
  </datafield>
  <datafield tag="GGN" ind1=" " ind2=" ">
    <subfield code="a">al-Qāhira</subfield>
    <subfield code="A">GND</subfield>
    <subfield code="B">GND-040292363</subfield>
    <subfield code="C">451</subfield>
  </datafield>
  <datafield tag="GGN" ind1=" " ind2=" ">
    <subfield code="a">Miṣr al-Qāhira</subfield>
    <subfield code="A">GND</subfield>
    <subfield code="B">GND-040292363</subfield>
    <subfield code="C">451</subfield>
  </datafield>
  <datafield tag="GGN" ind1=" " ind2=" ">
    <subfield code="a">AlQāhira</subfield>
    <subfield code="A">GND</subfield>
    <subfield code="B">GND-040292363</subfield>
    <subfield code="C">451</subfield>
  </datafield>
  <datafield tag="GGN" ind1=" " ind2=" ">
    <subfield code="a">Al-Qāhira</subfield>
    <subfield code="A">GND</subfield>
    <subfield code="B">GND-040292363</subfield>
    <subfield code="C">451</subfield>
  </datafield>
  <datafield tag="GGN" ind1=" " ind2=" ">
    <subfield code="a">Misr el-Kahira</subfield>
    <subfield code="9">v:arab.</subfield>
    <subfield code="A">GND</subfield>
    <subfield code="B">GND-040292363</subfield>
    <subfield code="C">451</subfield>
  </datafield>
  <datafield tag="GGN" ind1=" " ind2=" ">
    <subfield code="a">Al Kahira</subfield>
    <subfield code="9">v:arab.</subfield>
    <subfield code="9">v:M</subfield>
    <subfield code="A">GND</subfield>
    <subfield code="B">GND-040292363</subfield>
    <subfield code="C">451</subfield>
  </datafield>
  <datafield tag="GGN" ind1=" " ind2=" ">
    <subfield code="a">&lt;&lt;Al&gt;&gt; Kahira</subfield>
    <subfield code="A">GND</subfield>
    <subfield code="B">GND-040292363</subfield>
    <subfield code="C">451</subfield>
  </datafield>
  <datafield tag="GGN" ind1=" " ind2=" ">
    <subfield code="a">LeCaire</subfield>
    <subfield code="A">GND</subfield>
    <subfield code="B">GND-040292363</subfield>
    <subfield code="C">451</subfield>
  </datafield>
  <datafield tag="GGN" ind1=" " ind2=" ">
    <subfield code="a">Le Caire</subfield>
    <subfield code="A">GND</subfield>
    <subfield code="B">GND-040292363</subfield>
    <subfield code="C">451</subfield>
  </datafield>
  <datafield tag="GGN" ind1=" " ind2=" ">
    <subfield code="a">Qahîr</subfield>
    <subfield code="A">GND</subfield>
    <subfield code="B">GND-040292363</subfield>
    <subfield code="C">451</subfield>
  </datafield>
  <datafield tag="GGN" ind1=" " ind2=" ">
    <subfield code="a">&lt;&lt;al-&gt;&gt; Kahira</subfield>
    <subfield code="A">GND</subfield>
    <subfield code="B">GND-040292363</subfield>
    <subfield code="C">451</subfield>
  </datafield>
  <datafield tag="GGN" ind1=" " ind2=" ">
    <subfield code="a">al-Kahira</subfield>
    <subfield code="A">GND</subfield>
    <subfield code="B">GND-040292363</subfield>
    <subfield code="C">451</subfield>
  </datafield>
  <datafield tag="GGN" ind1=" " ind2=" ">
    <subfield code="a">Il Cairo</subfield>
    <subfield code="A">GND</subfield>
    <subfield code="B">GND-040292363</subfield>
    <subfield code="C">451</subfield>
  </datafield>
  <datafield tag="GGN" ind1=" " ind2=" ">
    <subfield code="a">Alkeir</subfield>
    <subfield code="A">GND</subfield>
    <subfield code="B">GND-040292363</subfield>
    <subfield code="C">451</subfield>
  </datafield>
  <datafield tag="GGN" ind1=" " ind2=" ">
    <subfield code="a">&lt;&lt;al-&gt;&gt;Qāhira</subfield>
    <subfield code="A">GND</subfield>
    <subfield code="B">GND-040292363</subfield>
    <subfield code="C">451</subfield>
  </datafield>
  <datafield tag="GGN" ind1=" " ind2=" ">
    <subfield code="a">Cairo</subfield>
    <subfield code="A">GND</subfield>
    <subfield code="B">GND-040292363</subfield>
    <subfield code="C">451</subfield>
  </datafield>
  <datafield tag="GGN" ind1=" " ind2=" ">
    <subfield code="a">&lt;&lt;Le&gt;&gt; Caire</subfield>
    <subfield code="A">GND</subfield>
    <subfield code="B">GND-040292363</subfield>
    <subfield code="C">451</subfield>
  </datafield>
  <datafield tag="GGN" ind1=" " ind2=" ">
    <subfield code="9">U:Arab</subfield>
    <subfield code="9">L:ara</subfield>
    <subfield code="a">قاهرة</subfield>
    <subfield code="A">GND</subfield>
    <subfield code="B">GND-040292363</subfield>
    <subfield code="C">451</subfield>
  </datafield>
  <datafield tag="GGN" ind1=" " ind2=" ">
    <subfield code="9">U:Arab</subfield>
    <subfield code="a">مصر القاهرة</subfield>
    <subfield code="A">GND</subfield>
    <subfield code="B">GND-040292363</subfield>
    <subfield code="C">451</subfield>
  </datafield>
  <datafield tag="GGN" ind1=" " ind2=" ">
    <subfield code="9">U:Arab</subfield>
    <subfield code="a">مصر</subfield>
    <subfield code="A">GND</subfield>
    <subfield code="B">GND-040292363</subfield>
    <subfield code="C">451</subfield>
  </datafield>
</record>
